%Chap1绪论
%分层存储系统
  %商业存储系统
@misc{NetAppFas,
Howpublished = {\url{https://www.netapp.com/us/documentation/fas-storage-systems.aspx}},
Title = {NetApp FAS Storage Systems}
}

@misc{IBMDS8880,
Howpublished = {\url{https://www.ibm.com/cn-zh/marketplace/ds8000}},
Title = {IBM DS8880 Data Systems}
}
  %超算分层存储架构

%相关工作
@inproceedings{Panache,
  title={Panache: A Parallel File System Cache for Global File Access.},
  author={Eshel, Marc and Haskin, Roger L and Hildebrand, Dean and Naik, Manoj and Schmuck, Frank B and Tewari, Renu},
  booktitle={FAST},
  volume={10},
  pages={1--14},
  year={2010}
}
@inproceedings{Massively_Parallel_Loading,
 author = {Frings, Wolfgang and Ahn, Dong H. and LeGendre, Matthew and Gamblin, Todd and de Supinski, Bronis R. and Wolf, Felix},
 title = {Massively Parallel Loading},
 booktitle = {Proceedings of the 27th International ACM Conference on International Conference on Supercomputing},
 series = {ICS '13},
 year = {2013},
 isbn = {978-1-4503-2130-3},
 location = {Eugene, Oregon, USA},
 pages = {389--398},
 numpages = {10},
 url = {http://doi.acm.org/10.1145/2464996.2465020},
 doi = {10.1145/2464996.2465020},
 acmid = {2465020},
 publisher = {ACM},
 address = {New York, NY, USA},
 keywords = {hpc, os/runtime service, scalability},
} 
@inproceedings{1PB,
  title={A 1 PB/s file system to checkpoint three million MPI tasks},
  author={Rajachandrasekar, Raghunath and Moody, Adam and Mohror, Kathryn and Panda, Dhabaleswar K},
  booktitle={Proceedings of the 22nd international symposium on High-performance parallel and distributed computing},
  pages={143--154},
  year={2013},
  organization={ACM}
}
@INPROCEEDINGS{HyCache+,
author={D. {Zhao} and K. {Qiao} and I. {Raicu}},
booktitle={2014 14th IEEE/ACM International Symposium on Cluster, Cloud and Grid Computing},
title={HyCache+: Towards Scalable High-Performance Caching Middleware for Parallel File Systems},
year={2014},
volume={},
number={},
pages={267-276},
doi={10.1109/CCGrid.2014.11},
ISSN={},
month={May}
}

@ARTICLE{Multi_Leve_Data_Staging_for_Blue_Gene,
author={F. {Isaila} and J. {Blas} and J. {Carretero} and R. {Latham} and R. {Ross}},
journal={IEEE Transactions on Parallel and Distributed Systems},
title={Design and Evaluation of Multiple-Level Data Staging for Blue Gene Systems},
year={2011},
volume={22},
number={6},
pages={946-959},
keywords={cache storage;input-output programs;parallel processing;pipeline processing;multiple-level data staging design;multiple-level data staging evaluation;blue gene systems;parallel applications;Petascale systems;file access;data pipelining;Exascale systems;parallel IO software system;file IO-related communication;file system access;file cache management;Delay;File systems;Concurrent computing;Bandwidth;Petascale computing;Pipeline processing;Software systems;Software design;Application software;Computer networks;MPI-IO;parallel I/O;parallel file systems;supercomputers.},
doi={10.1109/TPDS.2010.127},
ISSN={},
month={June},}

@inproceedings{Adaptive_Multi_level_Cache_Allocation_in_Distribute_Storage_Architectures,
 author = {Prabhakar, Ramya and Srikantaiah, Shekhar and Kandemir, Mahmut and Patrick, Christina},
 title = {Adaptive Multi-level Cache Allocation in Distributed Storage Architectures},
 booktitle = {Proceedings of the 24th ACM International Conference on Supercomputing},
 series = {ICS '10},
 year = {2010},
 isbn = {978-1-4503-0018-6},
 location = {Tsukuba, Ibaraki, Japan},
 pages = {211--221},
 numpages = {11},
 url = {http://doi.acm.org/10.1145/1810085.1810115},
 doi = {10.1145/1810085.1810115},
 acmid = {1810115},
 publisher = {ACM},
 address = {New York, NY, USA},
} 
@INPROCEEDINGS{On_Urgency_of_I/O_Operations,
author={M. {Kandemir} and T. {Yemliha} and R. {Prabhakar} and M. {Jung}},
booktitle={2012 12th IEEE/ACM International Symposium on Cluster, Cloud and Grid Computing (ccgrid 2012)},
title={On Urgency of I/O Operations},
year={2012},
volume={},
number={},
pages={188-195},
keywords={cache storage;parallel processing;I-O operation urgency;high-performance parallel file systems;multilayer storage cache hierarchy;data access latency reduction;data requests;hit-miss characteristics;data blocks;disk-resident data set manipulation;profile-based strategy;two-tier systems;three-tier systems;Cache storage;Servers;Computer architecture;Delay;Prefetching;Optimization},
doi={10.1109/CCGrid.2012.40},
ISSN={},
month={May},}
@INPROCEEDINGS{Masking_IO_latency_using_application_level_IO_caching_and_prefetching_on_Blue_Gene_systems,
author={S. {Seelam} and I. {Chung} and J. {Bauer} and H. {Wen}},
booktitle={2010 IEEE International Symposium on Parallel Distributed Processing (IPDPS)},
title={Masking I/O latency using application level I/O caching and prefetching on Blue Gene systems},
year={2010},
volume={},
number={},
pages={1-12},
doi={10.1109/IPDPS.2010.5470438},
month={April},}

@inproceedings{Cashing_in_on_Hints_for_Better_Prefetching_and_Caching_in_PVFS_and_MPI_IO,
 author = {Patrick, Christina M. and Kandemir, Mahmut and Karak, Mustafa and Son, Seung Woo and Choudhary, Alok},
 title = {Cashing in on Hints for Better Prefetching and Caching in PVFS and MPI-IO},
 booktitle = {Proceedings of the 19th ACM International Symposium on High Performance Distributed Computing},
 series = {HPDC '10},
 year = {2010},
 isbn = {978-1-60558-942-8},
 location = {Chicago, Illinois},
 pages = {191--202},
 numpages = {12},
 url = {http://doi.acm.org/10.1145/1851476.1851499},
 doi = {10.1145/1851476.1851499},
 acmid = {1851499},
 publisher = {ACM},
 address = {New York, NY, USA},
} 
@INPROCEEDINGS{KNOWAC,
author={J. {He} and X. {Sun} and R. {Thakur}},
booktitle={2012 IEEE International Conference on Cluster Computing},
title={KNOWAC: I/O Prefetch via Accumulated Knowledge},
year={2012},
volume={},
number={},
pages={429-437},
doi={10.1109/CLUSTER.2012.83},
ISSN={},
month={Sep.},}

@inproceedings{Improving_read_performance_with_online_access_pattern_analysis_and_prefetching,
  title={Improving read performance with online access pattern analysis and prefetching},
  author={Tang, Houjun and Zou, Xiaocheng and Jenkins, John and Boyuka, David A and Ranshous, Stephen and Kimpe, Dries and Klasky, Scott and Samatova, Nagiza F},
  booktitle={European Conference on Parallel Processing},
  pages={246--257},
  year={2014},
  organization={Springer}
}
@ARTICLE{Endurance_Aware_Flash_Cache_Management_for_Storage_Servers,
author={P. {Suei} and M. {Yeh} and T. {Kuo}},
journal={IEEE Transactions on Computers},
title={Endurance-Aware Flash-Cache Management for Storage Servers},
year={2014},
volume={63},
number={10},
pages={2416-2430},
doi={10.1109/TC.2013.119},
ISSN={},
month={Oct},}

@INPROCEEDINGS{Optimizing_a_hybrid_SSD_HDD_HPC_storage_system_based_on_file_size_distributions,
author={B. {Welch} and G. {Noer}},
booktitle={2013 IEEE 29th Symposium on Mass Storage Systems and Technologies (MSST)},
title={Optimizing a hybrid SSD/HDD HPC storage system based on file size distributions},
year={2013},
volume={},
number={},
pages={1-12},
keywords={disc drives;hard discs;hybrid SSD-HDD HPC storage system;file size distributions;block-level metadata;file-level metadata;unique storage blade architecture;Panasas system;metadata intensive benchmarks;response time;measurement methodology;customer survey;File systems;Resource management;Blades;Histograms;Data models;Companies;Data processing;file systems;OSD;SSD;parallel file system;HPC},
doi={10.1109/MSST.2013.6558449},
ISSN={},
month={May},}

@inproceedings{Proceedings_of_the_22nd_international_symposium_on_High_performance_parallel_and_distributed_computing,
  title={I/O acceleration with pattern detection},
  author={He, Jun and Bent, John and Torres, Aaron and Grider, Gary and Gibson, Garth and Maltzahn, Carlos and Sun, Xian-He},
  booktitle={Proceedings of the 22nd international symposium on High-performance parallel and distributed computing},
  pages={25--36},
  year={2013},
  organization={ACM}
}
%主动预取相关研究
@inproceedings{c_miner,
  title={C-Miner: Mining Block Correlations in Storage Systems.},
  author={Li, Zhenmin and Chen, Zhifeng and Srinivasan, Sudarshan M and Zhou, Yuanyuan},
  booktitle={FAST},
  volume={4},
  pages={173--186},
  year={2004}
}
@article{Prefetching_on_storage_servers_through_mining_access_patterns_on_blocks,
  title={Prefetching on storage servers through mining access patterns on blocks},
  author={Liao, Jianwei and Trahay, Francois and Gerofi, Balazs and Ishikawa, Yutaka},
  journal={IEEE Transactions on Parallel and Distributed Systems},
  volume={27},
  number={9},
  pages={2698--2710},
  year={2015},
  publisher={IEEE}
}
@inproceedings{composite_file,
  title={The composite-file file system: decoupling the one-to-one mapping of files and metadata for better performance},
  author={Zhang, Shuanglong and Catanese, Helen and Wang, Andy An-I},
  booktitle={14th $\{$USENIX$\}$ Conference on File and Storage Technologies ($\{$FAST$\}$ 16)},
  pages={15--22},
  year={2016}
}
@inproceedings{stacker,
  title={Stacker: an autonomic data movement engine for extreme-scale data staging-based in-situ workflows},
  author={Subedi, Pradeep and Davis, Philip and Duan, Shaohua and Klasky, Scott and Kolla, Hemanth and Parashar, Manish},
  booktitle={Proceedings of the International Conference for High Performance Computing, Networking, Storage, and Analysis},
  pages={73},
  year={2018},
  organization={IEEE Press}
}
@article{dataspace,
  title={Dataspaces: an interaction and coordination framework for coupled simulation workflows},
  author={Docan, Ciprian and Parashar, Manish and Klasky, Scott},
  journal={Cluster Computing},
  volume={15},
  number={2},
  pages={163--181},
  year={2012},
  publisher={Springer}
}
@inproceedings{XGC1,
  title={Hybrid mpi/openmp/gpu parallelization of xgc1 fusion simulation code},
  author={D’Azevedo, Eduardo F and Lang, Jianying and Worley, Patrick H and Ethier, Stephane A and Ku, Seung-Hoe and Chang, C},
  booktitle={Supercomputing Conference 2013},
  pages={1441--1441},
  year={2013}
}
@article{S3D,
  title={Terascale direct numerical simulations of turbulent combustion using S3D},
  author={Chen, Jacqueline H and Choudhary, Alok and De Supinski, Bronis and DeVries, Matthew and Hawkes, Evatt R and Klasky, Scott and Liao, Wei-Keng and Ma, Kwan-Liu and Mellor-Crummey, John and Podhorszki, Norbert and others},
  journal={Computational Science \& Discovery},
  volume={2},
  number={1},
  pages={015001},
  year={2009},
  publisher={IOP Publishing}
}


%-----Chap2

%是一个开源、可扩展的分布式文件系统
@misc{GlusterFS,
	Howpublished = {\url{http://www.gluster.org/}},
	Title = {GlusterFS: A scalable network filesystem}
}
%层次存储
@INPROCEEDINGS{Adaptive_Data_Migration_in_Multi-tiered_Storage_Based_Cloud_Environment,
author={G. {Zhang} and L. {Chiu} and L. {Liu}},
booktitle={2010 IEEE 3rd International Conference on Cloud Computing},
title={Adaptive Data Migration in Multi-tiered Storage Based Cloud Environment},
year={2010},
volume={},
number={},
pages={148-155},
doi={10.1109/CLOUD.2010.60},
ISSN={},
month={July},}
@Article{A_Reinforcement_Learning_Framework_for_Online_data_migration,
author="Vengerov, David",
title="A reinforcement learning framework for online data migration in hierarchical storage systems",
journal="The Journal of Supercomputing",
year="2008",
month="Jan",
day="01",
volume="43",
number="1",
pages="1--19",
issn="1573-0484",
doi="10.1007/s11227-007-0135-3",
url="https://doi.org/10.1007/s11227-007-0135-3"
}


%是操作系统数据读取过程中的重要优化方法
@inproceedings{Reducing_File_System_Latency_using_a_Predictive_Approach,
  title={Reducing File System Latency using a Predictive Approach.},
  author={Griffioen, Jim and Appleton, Randy},
  booktitle={USENIX summer},
  pages={197--207},
  year={1994}
} 
@inproceedings{Group_based_management_of_distributed_file_caches,
  title={Group-based management of distributed file caches},
  author={Amer, Ahmed and Long, Darrell DE and Burns, Randal C},
  booktitle={Proceedings 22nd International Conference on Distributed Computing Systems},
  pages={525--534},
  year={2002},
  organization={IEEE}
}
@article{A_data_mining_algorithm_for_generalized_web_prefetching,
  title={A data mining algorithm for generalized web prefetching},
  author={Nanopoulos, Alexandros and Katsaros, Dimitrios and Manolopoulos, Yannis},
  journal={IEEE Transactions on Knowledge \&amp; Data Engineering},
  number={5},
  pages={1155--1169},
  year={2003},
  publisher={IEEE}
}

@article{BWFS,
  title={BWFS: A distributed file system with large capacity, high throughput and high scalability.},
  author={Yang, Dezhi and Huang, Hua and Zhang, Jiangang and Xu, Lu},
  journal={Jisuanji Yanjiu yu Fazhan(Comput. Res. Dev.)},
  volume={42},
  number={6},
  pages={1028--1033},
  year={2005}
}
@inproceedings{DPFS,
  title={DPFS: A distributed parallel file system},
  author={Shen, Xiaohui and Choudhary, Alok},
  booktitle={International Conference on Parallel Processing, 2001.},
  pages={533--541},
  year={2001},
  organization={IEEE}
}
@misc{Tiering,
Howpublished = {\url{https://staged-gluster-docs.readthedocs.io/en/release3.7.0beta1/Features/tier/}},
Title = {Tiering translator in GlusterFS}
}
@article{Red_Hat_Gluster_storage_on_supermicro_storage_servers_powered_by_Intel_Xeon_processors,
  title={Red Hat Gluster storage on supermicro storage servers powered by Intel Xeon processors},
  author={Dustin, B},
  journal={Super Micro computer. https://www.supermicro.com/white\_paper/white\_paper\_Redhat\_Gluster\_Storage.pdf},
  year={2017}
}
@misc{Tiered_Storage_Takes_Center_Stage,
  title={Horison Information Strategies,“Tiered Storage Takes Center Stage,”},
  author={Moore, F},
  year={2011}
}

%-----chap3
@article{自然语言处理的历史与现状,
  title={自然语言处理的历史与现状},
  author={冯志伟},
  journal={中国外语: 中英文版},
  number={1},
  pages={14--22},
  year={2008}
}
@article{宋一凡2019自然语言处理的发展历史与现状,
  title={自然语言处理的发展历史与现状},
  author={宋一凡},
  journal={中国高新科技},
  number={3},
  pages={31},
  year={2019}
}
@article{Natural_language_processing_(almost)_from_scratch,
  title={Natural language processing (almost) from scratch},
  author={Collobert, Ronan and Weston, Jason and Bottou, L{\'e}on and Karlen, Michael and Kavukcuoglu, Koray and Kuksa, Pavel},
  journal={Journal of machine learning research},
  volume={12},
  number={Aug},
  pages={2493--2537},
  year={2011}
}
@article{cbow,
  title={Efficient estimation of word representations in vector space},
  author={Mikolov, Tomas and Chen, Kai and Corrado, Greg and Dean, Jeffrey},
  journal={arXiv preprint arXiv:1301.3781},
  year={2013}
}
@inproceedings{skipgram,
  title={Distributed representations of words and phrases and their compositionality},
  author={Mikolov, Tomas and Sutskever, Ilya and Chen, Kai and Corrado, Greg S and Dean, Jeff},
  booktitle={Advances in neural information processing systems},
  pages={3111--3119},
  year={2013}
}
@article{fasttext,
  title={Enriching word vectors with subword information},
  author={Bojanowski, Piotr and Grave, Edouard and Joulin, Armand and Mikolov, Tomas},
  journal={Transactions of the Association for Computational Linguistics},
  volume={5},
  pages={135--146},
  year={2017},
  publisher={MIT Press}
}

%词向量
@article{distributional_hypothesis,
  title={Distributional structure},
  author={Harris, Zellig S},
  journal={Word},
  volume={10},
  number={2-3},
  pages={146--162},
  year={1954},
  publisher={Taylor \& Francis}
}
@article{visualizing,
  title={Visualizing and understanding neural models in nlp},
  author={Li, Jiwei and Chen, Xinlei and Hovy, Eduard and Jurafsky, Dan},
  journal={arXiv preprint arXiv:1506.01066},
  year={2015}
}
@misc{LSI,
  title={Computer information retrieval using latent semantic structure},
  author={Deerwester, Scott C and Dumais, Susan T and Furnas, George W and Harshman, Richard A and Landauer, Thomas K and Lochbaum, Karen E and Streeter, Lynn A},
  year={1989},
  month=jun # "~13",
  publisher={Google Patents},
  note={US Patent 4,839,853}
}
@article{LSA,
  title={Indexing by latent semantic analysis},
  author={Deerwester, Scott and Dumais, Susan T and Furnas, George W and Landauer, Thomas K and Harshman, Richard},
  journal={Journal of the American society for information science},
  volume={41},
  number={6},
  pages={391--407},
  year={1990},
  publisher={Wiley Online Library}
}
@article{cognitive_model,
  title={A solution to Plato's problem: The latent semantic analysis theory of acquisition, induction, and representation of knowledge.},
  author={Landauer, Thomas K and Dumais, Susan T},
  journal={Psychological review},
  volume={104},
  number={2},
  pages={211},
  year={1997},
  publisher={American Psychological Association}
}
@inproceedings{spell_checking,
  title={Contextual spelling correction using latent semantic analysis},
  author={Jones, Michael P and Martin, James H},
  booktitle={Fifth Conference on Applied Natural Language Processing},
  pages={166--173},
  year={1997}
}
@article{essay_grading,
  title={Using Latent Semantic Analysis to assess knowledge: Some technical considerations},
  author={Rehder, Bob and Schreiner, ME and Wolfe, Michael BW and Laham, Darrell and Landauer, Thomas K and Kintsch, Walter},
  journal={Discourse Processes},
  volume={25},
  number={2-3},
  pages={337--354},
  year={1998},
  publisher={Taylor \& Francis}
}
@article{bengio2003,
  title={A neural probabilistic language model},
  author={Bengio, Yoshua and Ducharme, R{\'e}jean and Vincent, Pascal and Jauvin, Christian},
  journal={Journal of machine learning research},
  volume={3},
  number={Feb},
  pages={1137--1155},
  year={2003}
}
@Inbook{Bengio2006,
author="Bengio, Yoshua
and Schwenk, Holger
and Sen{\'e}cal, Jean-S{\'e}bastien
and Morin, Fr{\'e}deric
and Gauvain, Jean-Luc",
editor="Holmes, Dawn E.
and Jain, Lakhmi C.",
title="Neural Probabilistic Language Models",
bookTitle="Innovations in Machine Learning: Theory and Applications",
year="2006",
publisher="Springer Berlin Heidelberg",
address="Berlin, Heidelberg",
pages="137--186",
isbn="978-3-540-33486-6",doi="10.1007/3-540-33486-6_6",url="https://doi.org/10.1007/3-540-33486-6_6"}
@inproceedings{bengio2007,
  title={Greedy layer-wise training of deep networks},
  author={Bengio, Yoshua and Lamblin, Pascal and Popovici, Dan and Larochelle, Hugo},
  booktitle={Advances in neural information processing systems},
  pages={153--160},
  year={2007}
}
%文件名、路径向量化
@misc{fhs,
Howpublished = {\url{http://refspecs.linuxfoundation.org/FHS_3.0/fhs/index.html}},
Title = "Filesystem Hierarchy Standard"
}
@inproceedings{Hierarchical_softmax,
  title={Hierarchical probabilistic neural network language model.},
  author={Morin, Frederic and Bengio, Yoshua},
  booktitle={Aistats},
  volume={5},
  pages={246--252},
  year={2005},
  organization={Citeseer}
}
%循环神经网络
@article{LSTM,
  title={Long short-term memory},
  author={Hochreiter, Sepp and Schmidhuber, J{\"u}rgen},
  journal={Neural computation},
  volume={9},
  number={8},
  pages={1735--1780},
  year={1997},
  publisher={MIT Press}
}
@article{GRU,
  title={Empirical evaluation of gated recurrent neural networks on sequence modeling},
  author={Chung, Junyoung and Gulcehre, Caglar and Cho, KyungHyun and Bengio, Yoshua},
  journal={arXiv preprint arXiv:1412.3555},
  year={2014}
}